@misc{ wiki:OpenCyc,
  title = "OpenCyc --- {W}ikipedia{,} The Free Encyclopedia",
  url = "https://en.wikipedia.org/wiki/Cyc",
  note = "[Online; accessed 28-July-2015]"
}
