@book{citeKey1,
  title={{Form and style in thesis writing}},
  author={Campbell, W.G.},
  year={1954},
  publisher={Houghton Mifflin}
}

@article{citeKey2,
  title={{An analysis of the current state of English majors' BA thesis writing [J]}},
  author={Wenkang, S.},
  journal={Foreign Language World},
  volume={3},
  year={2004}
}

@Misc{deductionServerTalk,
  author =       {Shulz, Stephan},
  title =        {First-Order Deduction for Large Knowledge Bases},
  year =         {2007},
  note =         {},
  url ={http://resources.mpi-inf.mpg.de/departments/rg1/conferences/deduction10/slides/stephan-schulz.pdf},
}
